@article{ABGKR-SIMAX-2024,
author = {Al Daas, Hussam and Ballard, Grey and Grigori, Laura and Kumar, Suraj and Rouse, Kathryn},
title = {Communication Lower Bounds and Optimal Algorithms for Multiple Tensor-Times-Matrix Computation},
journal = {SIAM Journal on Matrix Analysis and Applications},
volume = {45},
number = {1},
pages = {450-477},
year = {2024},
doi = {10.1137/22M1510443},
URL = { https://doi.org/10.1137/22M1510443},
}

@INPROCEEDINGS{BKR-IPDPS-2018,
  author={Ballard, Grey and Knight, Nicholas and Rouse, Kathryn},
  booktitle={2018 IEEE International Parallel and Distributed Processing Symposium (IPDPS)}, 
  title={Communication Lower Bounds for Matricized Tensor Times Khatri-Rao Product}, 
  year={2018},
  volume={},
  number={},
  pages={557-567},
  doi={10.1109/IPDPS.2018.00065},
  url={https://doi.org/10.1109/IPDPS.2018.00065}
}

