@IEEEtranBSTCTL{IEEEexample:BSTcontrol,
CTLdash_repeated_names= "no",
}

@ARTICLE{AAAMCPTO-ACCESS-2021,
  author={Ahmadi-Asl, Salman and Abukhovich, Stanislav and Asante-Mensah, Maame G. and Cichocki, Andrzej and Phan, Anh Huy and Tanaka, Tohishisa and Oseledets, Ivan},
  journal={IEEE Access},
  title={Randomized Algorithms for Computation of Tucker Decomposition and Higher Order SVD (HOSVD)},
  year={2021},
  volume={9},
  number={},
  pages={28684-28706},
  url = {https://doi.org/10.1109/ACCESS.2021.3058103},
  doi={10.1109/ACCESS.2021.3058103}
}

@article{RC-CILS-1998,
title = {Improving the speed of multiway algorithms: Part II: Compression},
journal = {Chemometrics and Intelligent Laboratory Systems},
volume = {42},
number = {1},
pages = {105-113},
year = {1998},
issn = {0169-7439},
url = {https://doi.org/10.1016/S0169-7439(98)00011-2},
author = {Rasmus Bro and Claus A. Andersson},
keywords = {Tucker3, PARAFAC, CANDELINC, Constraints, Tucker1, Data compression},
}
@misc{li2020atucker,
      title={a-Tucker: Input-Adaptive and Matricization-Free Tucker Decomposition for Dense Tensors on CPUs and GPUs},
      author={Min Li and Chuanfu Xiao and Chao Yang},
      year={2020},
      eprint={2010.10131},
      archivePrefix={arXiv},
      url={https://arxiv.org/abs/2010.10131},
      primaryClass={cs.DC}
}
@INPROCEEDINGS{BKL-SENSORS-2020,
  author={Bin, Junchi and Kang, Meng and Liu, Zheng},
  booktitle={2020 IEEE SENSORS},
  title={GPU-Accelerated Tensor Decomposition for Moving Object Detection from Multimodal Imaging},
  year={2020},
  volume={},
  number={},
  pages={1-4},
  url = {https://doi.org/10.1109/SENSORS47125.2020.9278924},
  doi={10.1109/SENSORS47125.2020.9278924}}

@inproceedings{NHCLTSRPC-ICS-2022,
author = {Nguyen, Andy and Helal, Ahmed E. and Checconi, Fabio and Laukemann, Jan and Tithi, Jesmin Jahan and Soh, Yongseok and Ranadive, Teresa and Petrini, Fabrizio and Choi, Jee W.},
title = {Efficient, out-of-Memory Sparse MTTKRP on Massively Parallel Architectures},
year = {2022},
isbn = {9781450392815},
publisher = {Association for Computing Machinery},
address = {New York, NY, USA},
url = {https://doi.org/10.1145/3524059.3532363},
doi = {10.1145/3524059.3532363},
booktitle = {Proceedings of the 36th ACM International Conference on Supercomputing},
articleno = {26},
numpages = {13},
keywords = {sparse formats, parallel performance, sparse tensors, tensor decomposition, GPU, MTTKRP},
location = {Virtual Event},
series = {ICS '22}
}
@misc{parti,
author="Jiajia Li and Yuchen Ma and Richard Vuduc",
title="{ParTI!} : A Parallel Tensor Infrastructure for multicore CPUs and GPUs",
month="Oct",
year="2018",
url="http://parti-project.org",
note="Last updated: Jan 2020"
}
@INPROCEEDINGS{LWSD-CLUSTER-2017,
  author={Liu, Bangtian and Wen, Chengyao and Sarwate, Anand D. and Dehnavi, Maryam Mehri},
  booktitle={2017 IEEE International Conference on Cluster Computing (CLUSTER)},
  title={A Unified Optimization Approach for Sparse Tensor Operations on GPUs},
  year={2017},
  volume={},
  number={},
  pages={47-57},
  url = {https://doi.org/10.1109/CLUSTER.2017.75},
  doi={10.1109/CLUSTER.2017.75}}

@INPROCEEDINGS{NLSVS-IPDPS-2019,
  author={Nisa, Israt and Li, Jiajia and Sukumaran-Rajam, Aravind and Vuduc, Richard and Sadayappan, P.},
  booktitle={2019 IEEE International Parallel and Distributed Processing Symposium (IPDPS)},
  title={Load-Balanced Sparse MTTKRP on GPUs},
  year={2019},
  volume={},
  number={},
  pages={123-133},
  url={https://doi.org/10.1109/IPDPS.2019.00023},
  doi={10.1109/IPDPS.2019.00023}}

@INPROCEEDINGS{CLC-SC-2018,
  author={Choi, Jee and Liu, Xing and Chakaravarthy, Venkatesan},
  booktitle={SC18: International Conference for High Performance Computing, Networking, Storage and Analysis},
  title={High-Performance Dense Tucker Decomposition on GPU Clusters},
  year={2018},
  volume={},
  number={},
  pages={543-553},
  url  = {https://doi.org/10.1109/SC.2018.00045},
  doi={10.1109/SC.2018.00045}
}

@article{KU-SISC-2018,
author = {Kaya, Oguz and U\c{c}ar, Bora},
title = {Parallel Candecomp/Parafac Decomposition of Sparse Tensors Using Dimension Trees},
journal = {SIAM Journal on Scientific Computing},
volume = {40},
number = {1},
pages = {C99-C130},
year = {2018},
doi = {10.1137/16M1102744},
URL = {https://doi.org/10.1137/16M1102744},
eprint = {https://doi.org/10.1137/16M1102744},
}
%author = {Al Daas, Hussam and Ballard, Grey and Grigori, Laura and Kumar, Suraj and Rouse, Kathryn},
@article{ABGKR-SIMAX-2024,
author = {Al Daas, Hussam and Ballard, Grey and Grigori, Laura and Kumar, Suraj and Rouse , Kathryn},
title = {Communication Lower Bounds and Optimal Algorithms for Multiple Tensor-Times-Matrix Computation},
journal = {SIAM Journal on Matrix Analysis and Applications},
volume = {45},
number = {1},
pages = {450-477},
year = {2024},
doi = {10.1137/22M1510443},
URL = {https://doi.org/10.1137/22M1510443},
}



@article{KR-Algorithmica-2019,
author = {Kaya, Oguz and Robert, Yves},
title = {Computing Dense Tensor Decompositions with Optimal Dimension Trees},
year = {2019},
issue_date = {May       2019},
publisher = {Springer-Verlag},
address = {Berlin, Heidelberg},
volume = {81},
number = {5},
issn = {0178-4617},
url = {https://doi.org/10.1007/s00453-018-0525-3},
doi = {10.1007/s00453-018-0525-3},
journal = {Algorithmica},
month = {may},
pages = {2092–2121},
numpages = {30},
keywords = {Dimension tree, Tucker decomposition, CP decomposition, Tensor computations}
}
@inproceedings{ABGKR-SPAA-2022,
author = {Al Daas, Hussam and Ballard, Grey and Grigori, Laura and Kumar, Suraj and Rouse, Kathryn},
title = {Brief Announcement: Tight Memory-Independent Parallel Matrix Multiplication Communication Lower Bounds},
year = {2022},
isbn = {9781450391467},
publisher = {Association for Computing Machinery},
address = {New York, NY, USA},
url = {https://doi.org/10.1145/3490148.3538552},
doi = {10.1145/3490148.3538552},
booktitle = {Proceedings of the 34th ACM Symposium on Parallelism in Algorithms and Architectures},
pages = {445–448},
numpages = {4},
keywords = {rectangular matrix multiplication, convex optimization},
location = {Philadelphia, PA, USA},
series = {SPAA '22}
}
@inproceedings{ZKBSH-SC-2022,
author = {Ziogas, Alexandros Nikolaos and Kwasniewski, Grzegorz and Ben-Nun, Tal and Schneider, Timo and Hoefler, Torsten},
title = {Deinsum: Practically I/O Optimal Multi-Linear Algebra},
year = {2022},
isbn = {9784665454445},
publisher = {IEEE Press},
booktitle = {Proceedings of the International Conference on High Performance Computing, Networking, Storage and Analysis},
articleno = {25},
numpages = {15},
keywords = {linear algebra, distributed computing, tensors, hardware acceleration, performance analysis, automatic programming},
location = {Dallas, Texas},
series = {SC '22},
url = {https://doi.org/10.1109/SC41404.2022.00030},
}
@INPROCEEDINGS{SMHD-IPDPS-2013,
  author={Solomonik, Edgar and Matthews, Devin and Hammond, Jeff and Demmel, James},
  booktitle={2013 IEEE 27th International Symposium on Parallel and Distributed Processing},
  title={Cyclops Tensor Framework: Reducing Communication and Eliminating Load Imbalance in Massively Parallel Contractions},
  year={2013},
  volume={},
  number={},
  pages={813-824},
  doi={10.1109/IPDPS.2013.112},
  url = {https://doi.org/10.1109/IPDPS.2013.112},
}

@misc{top500,
    title = {{TOP 500 List}},
    howpublished = "\url{https://www.top500.org}",
    note = "Accessed: 2024-03-18",
}

@article{EHBKMP-TOMS-2021,
author = {Eswar, Srinivas and Hayashi, Koby and Ballard, Grey and Kannan, Ramakrishnan and Matheson, Michael A. and Park, Haesun},
title = {PLANC: Parallel Low-Rank Approximation with Nonnegativity Constraints},
year = {2021},
issue_date = {September 2021},
publisher = {Association for Computing Machinery},
address = {New York, NY, USA},
volume = {47},
number = {3},
issn = {0098-3500},
url = {https://doi.org/10.1145/3432185},
doi = {10.1145/3432185},
journal = {ACM Trans. Math. Softw.},
month = {jun},
articleno = {20},
numpages = {37},
keywords = {communication-avoiding algorithms, nonnegative least squares, Tensor factorization}
}
@INPROCEEDINGS{LCPSV-IPDPS-2017,
  author={Li, Jiajia and Choi, Jee and Perros, Ioakeim and Sun, Jimeng and Vuduc, Richard},
  booktitle={2017 IEEE International Parallel and Distributed Processing Symposium (IPDPS)},
  title={Model-Driven Sparse CP Decomposition for Higher-Order Tensors},
  year={2017},
  volume={},
  number={},
  pages={1048-1057},
  doi={10.1109/IPDPS.2017.80},
  url = {https://doi.org/10.1109/IPDPS.2017.80},
}

@article{BK-SIAM-2008,
author = {Bader, Brett W. and Kolda, Tamara G.},
title = {Efficient MATLAB Computations with Sparse and Factored Tensors},
journal = {SIAM Journal on Scientific Computing},
volume = {30},
number = {1},
pages = {205-231},
year = {2008},
doi = {10.1137/060676489},
URL = {https://doi.org/10.1137/060676489},
eprint = {https://doi.org/10.1137/060676489},
}


@article{VVM-SIAM-2012,
author = {Vannieuwenhoven, Nick and Vandebril, Raf and Meerbergen, Karl},
title = {A New Truncation Strategy for the Higher-Order Singular Value Decomposition},
journal = {SIAM Journal on Scientific Computing},
volume = {34},
number = {2},
pages = {A1027-A1052},
year = {2012},
doi = {10.1137/110836067},
URL = {https://doi.org/10.1137/110836067},
eprint = {https://doi.org/10.1137/110836067},
}

@article{SGLTU-SIAM-2020,
author = {Sun, Yiming and Guo, Yang and Luo, Charlene and Tropp, Joel and Udell, Madeleine},
title = {Low-Rank Tucker Approximation of a Tensor from Streaming Data},
journal = {SIAM Journal on Mathematics of Data Science},
volume = {2},
number = {4},
pages = {1123-1150},
year = {2020},
doi = {10.1137/19M1257718},
URL = {https://doi.org/10.1137/19M1257718},
eprint = {https://doi.org/10.1137/19M1257718},
}

@article{MSK-SIAM-2020,
author = {Minster, Rachel and Saibaba, Arvind K. and Kilmer, Misha E.},
title = {Randomized Algorithms for Low-Rank Tensor Decompositions in the Tucker Format},
journal = {SIAM Journal on Mathematics of Data Science},
volume = {2},
number = {1},
pages = {189-215},
year = {2020},
doi = {10.1137/19M1261043},
URL = {https://doi.org/10.1137/19M1261043},
eprint = {https://doi.org/10.1137/19M1261043},
}


@article{BKK-TOMS-2020,
author = {Ballard, Grey and Klinvex, Alicia and Kolda, Tamara G.},
title = {TuckerMPI: A Parallel C++/MPI Software Package for Large-Scale Data Compression via the Tucker Tensor Decomposition},
year = {2020},
issue_date = {June 2020},
publisher = {Association for Computing Machinery},
address = {New York, NY, USA},
volume = {46},
number = {2},
issn = {0098-3500},
url = {https://doi.org/10.1145/3378445},
doi = {10.1145/3378445},
journal = {ACM Trans. Math. Softw.},
month = {jun},
articleno = {13},
numpages = {31},
}
@article{O-SIAM-2011,
author = {Oseledets, I. V.},
title = {Tensor-Train Decomposition},
journal = {SIAM Journal on Scientific Computing},
volume = {33},
number = {5},
pages = {2295-2317},
year = {2011},
doi = {10.1137/090752286},
URL = {https://doi.org/10.1137/090752286},
eprint = {https://doi.org/10.1137/090752286}
}

@article{HKD-SIAM-2020,
author = {Hong, David and Kolda, Tamara G. and Duersch, Jed A.},
title = {Generalized Canonical Polyadic Tensor Decomposition},
journal = {SIAM Review},
volume = {62},
number = {1},
pages = {133-163},
year = {2020},
doi = {10.1137/18M1203626},
URL = {https://doi.org/10.1137/18M1203626},
}



@article{WKV-Neuron-2018,
title = {Unsupervised Discovery of Demixed, Low-Dimensional Neural Dynamics across Multiple Timescales through Tensor Component Analysis},
journal = {Neuron},
volume = {98},
number = {6},
pages = {1099-1115.e8},
year = {2018},
issn = {0896-6273},
doi = {https://doi.org/10.1016/j.neuron.2018.05.015},
url = {https://doi.org/10.1016/j.neuron.2018.05.015},
author = {Alex H. Williams and Tony Hyun Kim and Forea Wang and Saurabh Vyas and Stephen I. Ryu and Krishna V. Shenoy and Mark Schnitzer and Tamara G. Kolda and Surya Ganguli},
}
@article{KB-SIAM-2009,
  author    = {Tamara G. Kolda and
               Brett W. Bader},
  title     = {Tensor Decompositions and Applications},
  journal   = {{SIAM} Rev.},
  volume    = {51},
  number    = {3},
  pages     = {455--500},
  year      = {2009},
  doi       = {10.1137/07070111X},
  URL = {https://doi.org/10.1137/07070111X},
}
@inproceedings{NPOV-NIPS-2015,
 author = {Novikov, Alexander and Podoprikhin, Dmitrii and Osokin, Anton and Vetrov, Dmitry P},
 booktitle = {Advances in Neural Information Processing Systems},
 pages = {},
 title = {Tensorizing Neural Networks},
 url = {https://proceedings.neurips.cc/paper/2015/file/6855456e2fe46a9d49d3d3af4f57443d-Paper.pdf},
 volume = {28},
 year = {2015}
}

@article{LT-SIAM-2021,
author = {Lin, Lin and Tong, Yu},
title = {Low-Rank Representation of Tensor Network Operators with Long-Range Pairwise Interactions},
journal = {SIAM Journal on Scientific Computing},
volume = {43},
number = {1},
pages = {A164-A192},
year = {2021},
doi = {10.1137/19M1287067},
}

@INPROCEEDINGS{ABK-IPDPS-2016,
  author={Austin, Woody and Ballard, Grey and Kolda, Tamara G.},
  booktitle={2016 IEEE International Parallel and Distributed Processing Symposium (IPDPS)}, 
  title={Parallel Tensor Compression for Large-Scale Scientific Data}, 
  year={2016},
  volume={},
  number={},
  pages={912-922},
  doi={10.1109/IPDPS.2016.67},
  url = {https://doi.org/10.1109/IPDPS.2016.67},
}
@misc{ABGKR-ARXIV-2022,
  doi = {10.48550/ARXIV.2207.10437},
  url = {https://arxiv.org/abs/2207.10437},
  author = {Daas, Hussam Al and Ballard, Grey and Grigori, Laura and Kumar, Suraj and Rouse, Kathryn},
  title = {Communication Lower Bounds and Optimal Algorithms for Multiple Tensor-Times-Matrix Computation},
  publisher = {arXiv},
  year = {2022},
}








@INPROCEEDINGS{BNR-IPDPS-2018,
  author={Ballard, Grey and Knight, Nicholas and Rouse, Kathryn},
  booktitle={2018 IEEE International Parallel and Distributed Processing Symposium (IPDPS)}, 
  title={Communication Lower Bounds for Matricized Tensor Times Khatri-Rao Product}, 
  year={2018},
  volume={},
  number={},
  pages={557-567},
  doi={10.1109/IPDPS.2018.00065},
  url = {https://doi.org/10.1109/IPDPS.2018.00065},
}

@misc{data-size,
    title = {{How Much Data Is Created Every Day?}},
    howpublished = "\url{https://earthweb.com/how-much-data-is-created-every-day}",
    note = "Accessed: 2024-03-18",
}
@Misc{DOE-Report-2014,
author= {{DOE ASCAC Subcommittee Report}},
url= "https://www.osti.gov/biblio/1222713",
note = "Accessed: 2024-03-18",
year=   "2014",
title =  "Top Ten Exascale Research Challenges",
}
@article{ATNW-CCPE-2011,
author = {Augonnet, Cédric and Thibault, Samuel and Namyst, Raymond and Wacrenier, Pierre-André},
title = {StarPU: a unified platform for task scheduling on heterogeneous multicore architectures},
journal = {Concurrency and Computation: Practice and Experience},
volume = {23},
number = {2},
pages = {187-198},
keywords = {GPU, multicore, accelerator, scheduling, runtime system},
doi = {https://doi.org/10.1002/cpe.1631},
url = {https://onlinelibrary.wiley.com/doi/abs/10.1002/cpe.1631},
eprint = {https://onlinelibrary.wiley.com/doi/pdf/10.1002/cpe.1631},
year = {2011}
}
