@article{KB-SIAMReview2009,
author = {Kolda, Tamara G. and Bader, Brett W.},
title = {Tensor Decompositions and Applications},
journal = {SIAM Review},
volume = {51},
number = {3},
pages = {455-500},
year = {2009},
doi = {10.1137/07070111X},
URL = {https://doi.org/10.1137/07070111X},
}


@inproceedings{SS-NIPS2016,
 author = {Stoudenmire, Edwin and Schwab, David J},
 booktitle = {Advances in Neural Information Processing Systems},
 pages = {},
 title = {Supervised Learning with Tensor Networks},
 url = {https://proceedings.neurips.cc/paper_files/paper/2016/file/5314b9674c86e3f9d1ba25ef9bb32895-Paper.pdf},
 volume = {29},
 year = {2016}
}
@inproceedings{NPOV-NIPS2015,
 author = {Novikov, Alexander and Podoprikhin, Dmitrii and Osokin, Anton and Vetrov, Dmitry P},
 booktitle = {Advances in Neural Information Processing Systems},
 pages = {},
 title = {Tensorizing Neural Networks},
 url = {https://proceedings.neurips.cc/paper_files/paper/2015/file/6855456e2fe46a9d49d3d3af4f57443d-Paper.pdf},
 volume = {28},
 year = {2015}
}
@InProceedings{PSSEG+-ECCV2020,
author="Phan, Anh-Huy
and Sobolev, Konstantin
and Sozykin, Konstantin
and Ermilov, Dmitry
and Gusak, Julia
and Tichavsk{\'y}, Petr
and Glukhov, Valeriy
and Oseledets, Ivan
and Cichocki, Andrzej",
title="Stable Low-Rank Tensor Decomposition for Compression of Convolutional Neural Network",
booktitle="Computer Vision -- ECCV 2020",
year="2020",
pages="522--539",
isbn="978-3-030-58526-6"
}

@article{ATNW-Euro-Par-2009,
  TITLE = {{StarPU: a unified platform for task scheduling on heterogeneous multicore architectures}},
  AUTHOR = {Augonnet, C{\'e}dric and Thibault, Samuel and Namyst, Raymond and Wacrenier, Pierre-Andr{\'e}},
  URL = {https://inria.hal.science/inria-00550877},
  JOURNAL = {{Concurrency and Computation: Practice and Experience}},
  PUBLISHER = {{Wiley}},
  SERIES = {Euro-Par 2009 best papers},
  VOLUME = {23},
  NUMBER = {2},
  PAGES = {187-198},
  YEAR = {2011},
  DOI = {10.1002/cpe.1631},
}
@article{KSH-Resnet-2017,
author = {Krizhevsky, Alex and Sutskever, Ilya and Hinton, Geoffrey E.},
title = {ImageNet classification with deep convolutional neural networks},
year = {2017},
issue_date = {June 2017},
publisher = {Association for Computing Machinery},
address = {New York, NY, USA},
volume = {60},
number = {6},
issn = {0001-0782},
url = {https://doi.org/10.1145/3065386},
doi = {10.1145/3065386},
journal = {Commun. ACM},
month = {may},
pages = {84â€“90},
numpages = {7}
}
