@inproceedings{SS-NIPS2016,
 author = {Stoudenmire, Edwin and Schwab, David J},
 booktitle = {Advances in Neural Information Processing Systems},
 editor = {D. Lee and M. Sugiyama and U. Luxburg and I. Guyon and R. Garnett},
 pages = {},
 publisher = {Curran Associates, Inc.},
 title = {Supervised Learning with Tensor Networks},
 url = {https://proceedings.neurips.cc/paper_files/paper/2016/file/5314b9674c86e3f9d1ba25ef9bb32895-Paper.pdf},
 volume = {29},
 year = {2016}
}
@inproceedings{NPOV-NIPS2015,
 author = {Novikov, Alexander and Podoprikhin, Dmitrii and Osokin, Anton and Vetrov, Dmitry P},
 booktitle = {Advances in Neural Information Processing Systems},
 editor = {C. Cortes and N. Lawrence and D. Lee and M. Sugiyama and R. Garnett},
 pages = {},
 publisher = {Curran Associates, Inc.},
 title = {Tensorizing Neural Networks},
 url = {https://proceedings.neurips.cc/paper_files/paper/2015/file/6855456e2fe46a9d49d3d3af4f57443d-Paper.pdf},
 volume = {28},
 year = {2015}
}
@InProceedings{PSSEG+-ECCV2020,
author="Phan, Anh-Huy
and Sobolev, Konstantin
and Sozykin, Konstantin
and Ermilov, Dmitry
and Gusak, Julia
and Tichavsk{\'y}, Petr
and Glukhov, Valeriy
and Oseledets, Ivan
and Cichocki, Andrzej",
editor="Vedaldi, Andrea
and Bischof, Horst
and Brox, Thomas
and Frahm, Jan-Michael",
title="Stable Low-Rank Tensor Decomposition for Compression of Convolutional Neural Network",
booktitle="Computer Vision -- ECCV 2020",
year="2020",
publisher="Springer International Publishing",
address="Cham",
pages="522--539",
isbn="978-3-030-58526-6"
}

